@online{Van Aubelin lause,
    title = {Van Aubelin lause},
    URL = {https://fi.wikipedia.org/wiki/Van_Aubelin_lause},
}